%YAML 1.1
%TAG !u! tag:unity3d.com,2011:
--- !u!29 &1
OcclusionCullingSettings:
  m_ObjectHideFlags: 0
  serializedVersion: 2
  m_OcclusionBakeSettings:
    smallestOccluder: 5
    smallestHole: 0.25
    backfaceThreshold: 100
  m_SceneGUID: 00000000000000000000000000000000
  m_OcclusionCullingData: {fileID: 0}
--- !u!104 &2
RenderSettings:
  m_ObjectHideFlags: 0
  serializedVersion: 9
  m_Fog: 0
  m_FogColor: {r: 0.5, g: 0.5, b: 0.5, a: 1}
  m_FogMode: 3
  m_FogDensity: 0.01
  m_LinearFogStart: 0
  m_LinearFogEnd: 300
  m_AmbientSkyColor: {r: 0.212, g: 0.227, b: 0.259, a: 1}
  m_AmbientEquatorColor: {r: 0.114, g: 0.125, b: 0.133, a: 1}
  m_AmbientGroundColor: {r: 0.047, g: 0.043, b: 0.035, a: 1}
  m_AmbientIntensity: 1
  m_AmbientMode: 3
  m_SubtractiveShadowColor: {r: 0.42, g: 0.478, b: 0.627, a: 1}
  m_SkyboxMaterial: {fileID: 0}
  m_HaloStrength: 0.5
  m_FlareStrength: 1
  m_FlareFadeSpeed: 3
  m_HaloTexture: {fileID: 0}
  m_SpotCookie: {fileID: 10001, guid: 0000000000000000e000000000000000, type: 0}
  m_DefaultReflectionMode: 0
  m_DefaultReflectionResolution: 128
  m_ReflectionBounces: 1
  m_ReflectionIntensity: 1
  m_CustomReflection: {fileID: 0}
  m_Sun: {fileID: 0}
  m_IndirectSpecularColor: {r: 0, g: 0, b: 0, a: 1}
  m_UseRadianceAmbientProbe: 0
--- !u!157 &3
LightmapSettings:
  m_ObjectHideFlags: 0
  serializedVersion: 11
  m_GIWorkflowMode: 1
  m_GISettings:
    serializedVersion: 2
    m_BounceScale: 1
    m_IndirectOutputScale: 1
    m_AlbedoBoost: 1
    m_TemporalCoherenceThreshold: 1
    m_EnvironmentLightingMode: 0
    m_EnableBakedLightmaps: 0
    m_EnableRealtimeLightmaps: 0
  m_LightmapEditorSettings:
    serializedVersion: 10
    m_Resolution: 2
    m_BakeResolution: 40
    m_AtlasSize: 1024
    m_AO: 0
    m_AOMaxDistance: 1
    m_CompAOExponent: 1
    m_CompAOExponentDirect: 0
    m_Padding: 2
    m_LightmapParameters: {fileID: 0}
    m_LightmapsBakeMode: 1
    m_TextureCompression: 1
    m_FinalGather: 0
    m_FinalGatherFiltering: 1
    m_FinalGatherRayCount: 256
    m_ReflectionCompression: 2
    m_MixedBakeMode: 2
    m_BakeBackend: 1
    m_PVRSampling: 1
    m_PVRDirectSampleCount: 32
    m_PVRSampleCount: 500
    m_PVRBounces: 2
    m_PVRFilterTypeDirect: 0
    m_PVRFilterTypeIndirect: 0
    m_PVRFilterTypeAO: 0
    m_PVRFilteringMode: 1
    m_PVRCulling: 1
    m_PVRFilteringGaussRadiusDirect: 1
    m_PVRFilteringGaussRadiusIndirect: 5
    m_PVRFilteringGaussRadiusAO: 2
    m_PVRFilteringAtrousPositionSigmaDirect: 0.5
    m_PVRFilteringAtrousPositionSigmaIndirect: 2
    m_PVRFilteringAtrousPositionSigmaAO: 1
    m_ShowResolutionOverlay: 1
  m_LightingDataAsset: {fileID: 0}
  m_UseShadowmask: 1
--- !u!196 &4
NavMeshSettings:
  serializedVersion: 2
  m_ObjectHideFlags: 0
  m_BuildSettings:
    serializedVersion: 2
    agentTypeID: 0
    agentRadius: 0.5
    agentHeight: 2
    agentSlope: 45
    agentClimb: 0.4
    ledgeDropHeight: 0
    maxJumpAcrossDistance: 0
    minRegionArea: 2
    manualCellSize: 0
    cellSize: 0.16666667
    manualTileSize: 0
    tileSize: 256
    accuratePlacement: 0
    debug:
      m_Flags: 0
  m_NavMeshData: {fileID: 0}
--- !u!4 &126757732 stripped
Transform:
  m_CorrespondingSourceObject: {fileID: 4334392982655134, guid: 1990adec4c7871243be5d1e6ae9c97d5,
    type: 2}
  m_PrefabInternal: {fileID: 307936760}
--- !u!1001 &307936760
Prefab:
  m_ObjectHideFlags: 0
  serializedVersion: 2
  m_Modification:
    m_TransformParent: {fileID: 1478760896}
    m_Modifications:
    - target: {fileID: 4334392982655134, guid: 1990adec4c7871243be5d1e6ae9c97d5, type: 2}
      propertyPath: m_LocalPosition.x
      value: 0
      objectReference: {fileID: 0}
    - target: {fileID: 4334392982655134, guid: 1990adec4c7871243be5d1e6ae9c97d5, type: 2}
      propertyPath: m_LocalPosition.y
      value: 0
      objectReference: {fileID: 0}
    - target: {fileID: 4334392982655134, guid: 1990adec4c7871243be5d1e6ae9c97d5, type: 2}
      propertyPath: m_LocalPosition.z
      value: -1
      objectReference: {fileID: 0}
    - target: {fileID: 4334392982655134, guid: 1990adec4c7871243be5d1e6ae9c97d5, type: 2}
      propertyPath: m_LocalRotation.x
      value: -0
      objectReference: {fileID: 0}
    - target: {fileID: 4334392982655134, guid: 1990adec4c7871243be5d1e6ae9c97d5, type: 2}
      propertyPath: m_LocalRotation.y
      value: -0
      objectReference: {fileID: 0}
    - target: {fileID: 4334392982655134, guid: 1990adec4c7871243be5d1e6ae9c97d5, type: 2}
      propertyPath: m_LocalRotation.z
      value: -0
      objectReference: {fileID: 0}
    - target: {fileID: 4334392982655134, guid: 1990adec4c7871243be5d1e6ae9c97d5, type: 2}
      propertyPath: m_LocalRotation.w
      value: 1
      objectReference: {fileID: 0}
    - target: {fileID: 4334392982655134, guid: 1990adec4c7871243be5d1e6ae9c97d5, type: 2}
      propertyPath: m_RootOrder
      value: 0
      objectReference: {fileID: 0}
    m_RemovedComponents: []
  m_SourcePrefab: {fileID: 100100000, guid: 1990adec4c7871243be5d1e6ae9c97d5, type: 2}
  m_IsPrefabAsset: 0
--- !u!1 &965147288
GameObject:
  m_ObjectHideFlags: 0
  m_CorrespondingSourceObject: {fileID: 1146171732027336, guid: 6bcb3124eb4cfb548a5def989c9e55f5,
    type: 2}
  m_PrefabInternal: {fileID: 0}
  serializedVersion: 6
  m_Component:
  - component: {fileID: 965147290}
  - component: {fileID: 965147289}
  m_Layer: 0
  m_Name: Submarine
  m_TagString: Untagged
  m_Icon: {fileID: 0}
  m_NavMeshLayer: 0
  m_StaticEditorFlags: 0
  m_IsActive: 1
--- !u!114 &965147289
MonoBehaviour:
  m_ObjectHideFlags: 0
  m_CorrespondingSourceObject: {fileID: 114168137162425368, guid: 6bcb3124eb4cfb548a5def989c9e55f5,
    type: 2}
  m_PrefabInternal: {fileID: 0}
  m_GameObject: {fileID: 965147288}
  m_Enabled: 1
  m_EditorHideFlags: 0
  m_Script: {fileID: 11500000, guid: 2b4013c45a7dd614c98449dacab2c4d1, type: 3}
  m_Name: 
  m_EditorClassIdentifier: 
  modules: []
  modulesParent: {fileID: 0}
  centerAverage: {x: 0, y: 0}
  cam: {fileID: 0}
  centerChild: {fileID: 0}
  speedMultiplierX: 1.5
  xMovementInputs: 0
  depthGoal: 0
  maxDepthPerModule: 50
  maxSpeedY: 3
  maxEnergy: 0
  totalEnergy: 0
--- !u!4 &965147290
Transform:
  m_ObjectHideFlags: 0
  m_CorrespondingSourceObject: {fileID: 4939359456783022, guid: 6bcb3124eb4cfb548a5def989c9e55f5,
    type: 2}
  m_PrefabInternal: {fileID: 0}
  m_GameObject: {fileID: 965147288}
  m_LocalRotation: {x: 0, y: 0, z: 0, w: 1}
  m_LocalPosition: {x: -1.09, y: -8.47, z: 0}
  m_LocalScale: {x: 1, y: 1, z: 1}
  m_Children:
  - {fileID: 2129729369}
  - {fileID: 1978809706}
  - {fileID: 1478760896}
  - {fileID: 1420496960}
  m_Father: {fileID: 0}
  m_RootOrder: 3
  m_LocalEulerAnglesHint: {x: 0, y: 0, z: 0}
--- !u!1 &1420496959
GameObject:
  m_ObjectHideFlags: 0
  m_CorrespondingSourceObject: {fileID: 1466316161884262, guid: 6bcb3124eb4cfb548a5def989c9e55f5,
    type: 2}
  m_PrefabInternal: {fileID: 0}
  serializedVersion: 6
  m_Component:
  - component: {fileID: 1420496960}
  m_Layer: 0
  m_Name: Center
  m_TagString: Untagged
  m_Icon: {fileID: 0}
  m_NavMeshLayer: 0
  m_StaticEditorFlags: 0
  m_IsActive: 1
--- !u!4 &1420496960
Transform:
  m_ObjectHideFlags: 0
  m_CorrespondingSourceObject: {fileID: 4055949077097338, guid: 6bcb3124eb4cfb548a5def989c9e55f5,
    type: 2}
  m_PrefabInternal: {fileID: 0}
  m_GameObject: {fileID: 1420496959}
  m_LocalRotation: {x: 0, y: 0, z: 0, w: 1}
  m_LocalPosition: {x: 0, y: 0, z: 0}
  m_LocalScale: {x: 1, y: 1, z: 1}
  m_Children:
  - {fileID: 1702846736}
  m_Father: {fileID: 965147290}
  m_RootOrder: 3
  m_LocalEulerAnglesHint: {x: 0, y: 0, z: 0}
--- !u!1 &1464229430
GameObject:
  m_ObjectHideFlags: 0
  m_CorrespondingSourceObject: {fileID: 0}
  m_PrefabInternal: {fileID: 0}
  serializedVersion: 6
  m_Component:
  - component: {fileID: 1464229433}
  - component: {fileID: 1464229432}
  - component: {fileID: 1464229431}
  m_Layer: 0
  m_Name: Main Camera
  m_TagString: MainCamera
  m_Icon: {fileID: 0}
  m_NavMeshLayer: 0
  m_StaticEditorFlags: 0
  m_IsActive: 1
--- !u!81 &1464229431
AudioListener:
  m_ObjectHideFlags: 0
  m_CorrespondingSourceObject: {fileID: 0}
  m_PrefabInternal: {fileID: 0}
  m_GameObject: {fileID: 1464229430}
  m_Enabled: 1
--- !u!20 &1464229432
Camera:
  m_ObjectHideFlags: 0
  m_CorrespondingSourceObject: {fileID: 0}
  m_PrefabInternal: {fileID: 0}
  m_GameObject: {fileID: 1464229430}
  m_Enabled: 1
  serializedVersion: 2
  m_ClearFlags: 1
  m_BackGroundColor: {r: 0.19215687, g: 0.3019608, b: 0.4745098, a: 0}
  m_projectionMatrixMode: 1
  m_SensorSize: {x: 36, y: 24}
  m_LensShift: {x: 0, y: 0}
  m_FocalLength: 50
  m_NormalizedViewPortRect:
    serializedVersion: 2
    x: 0
    y: 0
    width: 1
    height: 1
  near clip plane: 0.3
  far clip plane: 1000
  field of view: 60
  orthographic: 1
  orthographic size: 28.398531
  m_Depth: -1
  m_CullingMask:
    serializedVersion: 2
    m_Bits: 4294967295
  m_RenderingPath: -1
  m_TargetTexture: {fileID: 0}
  m_TargetDisplay: 0
  m_TargetEye: 3
  m_HDR: 1
  m_AllowMSAA: 1
  m_AllowDynamicResolution: 0
  m_ForceIntoRT: 0
  m_OcclusionCulling: 1
  m_StereoConvergence: 10
  m_StereoSeparation: 0.022
--- !u!4 &1464229433
Transform:
  m_ObjectHideFlags: 0
  m_CorrespondingSourceObject: {fileID: 0}
  m_PrefabInternal: {fileID: 0}
  m_GameObject: {fileID: 1464229430}
  m_LocalRotation: {x: -0, y: -0, z: -0, w: 1}
  m_LocalPosition: {x: 0, y: -14.919998, z: -10}
  m_LocalScale: {x: 1, y: 1, z: 1}
  m_Children: []
  m_Father: {fileID: 0}
  m_RootOrder: 0
  m_LocalEulerAnglesHint: {x: 0, y: 0, z: 0}
--- !u!1 &1478760895
GameObject:
  m_ObjectHideFlags: 0
  m_CorrespondingSourceObject: {fileID: 1577805524265476, guid: 6bcb3124eb4cfb548a5def989c9e55f5,
    type: 2}
  m_PrefabInternal: {fileID: 0}
  serializedVersion: 6
  m_Component:
  - component: {fileID: 1478760896}
  m_Layer: 0
  m_Name: Modules
  m_TagString: Untagged
  m_Icon: {fileID: 0}
  m_NavMeshLayer: 0
  m_StaticEditorFlags: 0
  m_IsActive: 1
--- !u!4 &1478760896
Transform:
  m_ObjectHideFlags: 0
  m_CorrespondingSourceObject: {fileID: 4420323908442428, guid: 6bcb3124eb4cfb548a5def989c9e55f5,
    type: 2}
  m_PrefabInternal: {fileID: 0}
  m_GameObject: {fileID: 1478760895}
  m_LocalRotation: {x: 0, y: 0, z: 0, w: 1}
  m_LocalPosition: {x: 0, y: 0, z: 0}
  m_LocalScale: {x: 1, y: 1, z: 1}
  m_Children:
  - {fileID: 126757732}
  m_Father: {fileID: 965147290}
  m_RootOrder: 2
  m_LocalEulerAnglesHint: {x: 0, y: 0, z: 0}
--- !u!1001 &1522965387
Prefab:
  m_ObjectHideFlags: 0
  serializedVersion: 2
  m_Modification:
    m_TransformParent: {fileID: 0}
    m_Modifications:
    - target: {fileID: 4401196453960834, guid: 21dd4ab5013c6c64b8c2c1266cd92a5d, type: 2}
      propertyPath: m_LocalPosition.x
      value: -1.52
      objectReference: {fileID: 0}
    - target: {fileID: 4401196453960834, guid: 21dd4ab5013c6c64b8c2c1266cd92a5d, type: 2}
      propertyPath: m_LocalPosition.y
      value: -20.36
      objectReference: {fileID: 0}
    - target: {fileID: 4401196453960834, guid: 21dd4ab5013c6c64b8c2c1266cd92a5d, type: 2}
      propertyPath: m_LocalPosition.z
      value: 0
      objectReference: {fileID: 0}
    - target: {fileID: 4401196453960834, guid: 21dd4ab5013c6c64b8c2c1266cd92a5d, type: 2}
      propertyPath: m_LocalRotation.x
      value: 0
      objectReference: {fileID: 0}
    - target: {fileID: 4401196453960834, guid: 21dd4ab5013c6c64b8c2c1266cd92a5d, type: 2}
      propertyPath: m_LocalRotation.y
      value: 0
      objectReference: {fileID: 0}
    - target: {fileID: 4401196453960834, guid: 21dd4ab5013c6c64b8c2c1266cd92a5d, type: 2}
      propertyPath: m_LocalRotation.z
      value: 0
      objectReference: {fileID: 0}
    - target: {fileID: 4401196453960834, guid: 21dd4ab5013c6c64b8c2c1266cd92a5d, type: 2}
      propertyPath: m_LocalRotation.w
      value: 1
      objectReference: {fileID: 0}
    - target: {fileID: 4401196453960834, guid: 21dd4ab5013c6c64b8c2c1266cd92a5d, type: 2}
      propertyPath: m_RootOrder
      value: 1
      objectReference: {fileID: 0}
    - target: {fileID: 1469850770493964, guid: 21dd4ab5013c6c64b8c2c1266cd92a5d, type: 2}
      propertyPath: m_IsActive
      value: 1
      objectReference: {fileID: 0}
    - target: {fileID: 114327087056599748, guid: 21dd4ab5013c6c64b8c2c1266cd92a5d,
        type: 2}
      propertyPath: moveAcceleration.x
      value: 0
      objectReference: {fileID: 0}
    - target: {fileID: 114327087056599748, guid: 21dd4ab5013c6c64b8c2c1266cd92a5d,
        type: 2}
      propertyPath: moveAcceleration.y
      value: 0
      objectReference: {fileID: 0}
    - target: {fileID: 114327087056599748, guid: 21dd4ab5013c6c64b8c2c1266cd92a5d,
        type: 2}
      propertyPath: maxSpeed.x
      value: 0
      objectReference: {fileID: 0}
    - target: {fileID: 114327087056599748, guid: 21dd4ab5013c6c64b8c2c1266cd92a5d,
        type: 2}
      propertyPath: maxSpeed.y
      value: 0
      objectReference: {fileID: 0}
    m_RemovedComponents: []
  m_SourcePrefab: {fileID: 100100000, guid: 21dd4ab5013c6c64b8c2c1266cd92a5d, type: 2}
  m_IsPrefabAsset: 0
--- !u!1 &1702846735
GameObject:
  m_ObjectHideFlags: 0
  m_CorrespondingSourceObject: {fileID: 1810087746324046, guid: 6bcb3124eb4cfb548a5def989c9e55f5,
    type: 2}
  m_PrefabInternal: {fileID: 0}
  serializedVersion: 6
  m_Component:
  - component: {fileID: 1702846736}
  - component: {fileID: 1702846738}
  - component: {fileID: 1702846737}
  m_Layer: 0
  m_Name: Quad
  m_TagString: Untagged
  m_Icon: {fileID: 0}
  m_NavMeshLayer: 0
  m_StaticEditorFlags: 0
  m_IsActive: 1
--- !u!4 &1702846736
Transform:
  m_ObjectHideFlags: 0
  m_CorrespondingSourceObject: {fileID: 4000568730847382, guid: 6bcb3124eb4cfb548a5def989c9e55f5,
    type: 2}
  m_PrefabInternal: {fileID: 0}
  m_GameObject: {fileID: 1702846735}
  m_LocalRotation: {x: 0, y: 0, z: 0, w: 1}
  m_LocalPosition: {x: 0, y: 0, z: 0}
  m_LocalScale: {x: 1, y: 1, z: 1}
  m_Children: []
  m_Father: {fileID: 1420496960}
  m_RootOrder: 0
  m_LocalEulerAnglesHint: {x: 0, y: 0, z: 0}
--- !u!23 &1702846737
MeshRenderer:
  m_ObjectHideFlags: 0
  m_CorrespondingSourceObject: {fileID: 23223657791262622, guid: 6bcb3124eb4cfb548a5def989c9e55f5,
    type: 2}
  m_PrefabInternal: {fileID: 0}
  m_GameObject: {fileID: 1702846735}
  m_Enabled: 0
  m_CastShadows: 1
  m_ReceiveShadows: 1
  m_DynamicOccludee: 1
  m_MotionVectors: 1
  m_LightProbeUsage: 1
  m_ReflectionProbeUsage: 1
  m_RenderingLayerMask: 4294967295
  m_Materials:
  - {fileID: 2100000, guid: 035d0108045246749a6e10a951d2753b, type: 2}
  m_StaticBatchInfo:
    firstSubMesh: 0
    subMeshCount: 0
  m_StaticBatchRoot: {fileID: 0}
  m_ProbeAnchor: {fileID: 0}
  m_LightProbeVolumeOverride: {fileID: 0}
  m_ScaleInLightmap: 1
  m_PreserveUVs: 0
  m_IgnoreNormalsForChartDetection: 0
  m_ImportantGI: 0
  m_StitchLightmapSeams: 0
  m_SelectedEditorRenderState: 3
  m_MinimumChartSize: 4
  m_AutoUVMaxDistance: 0.5
  m_AutoUVMaxAngle: 89
  m_LightmapParameters: {fileID: 0}
  m_SortingLayerID: 0
  m_SortingLayer: 0
  m_SortingOrder: 0
--- !u!33 &1702846738
MeshFilter:
  m_ObjectHideFlags: 0
  m_CorrespondingSourceObject: {fileID: 33621090487241136, guid: 6bcb3124eb4cfb548a5def989c9e55f5,
    type: 2}
  m_PrefabInternal: {fileID: 0}
  m_GameObject: {fileID: 1702846735}
  m_Mesh: {fileID: 10210, guid: 0000000000000000e000000000000000, type: 0}
--- !u!1001 &1931374244
Prefab:
  m_ObjectHideFlags: 0
  serializedVersion: 2
  m_Modification:
    m_TransformParent: {fileID: 0}
    m_Modifications:
    - target: {fileID: 4401196453960834, guid: 21dd4ab5013c6c64b8c2c1266cd92a5d, type: 2}
      propertyPath: m_LocalPosition.x
      value: 9.39
      objectReference: {fileID: 0}
    - target: {fileID: 4401196453960834, guid: 21dd4ab5013c6c64b8c2c1266cd92a5d, type: 2}
      propertyPath: m_LocalPosition.y
      value: -20.36
      objectReference: {fileID: 0}
    - target: {fileID: 4401196453960834, guid: 21dd4ab5013c6c64b8c2c1266cd92a5d, type: 2}
      propertyPath: m_LocalPosition.z
      value: 0
      objectReference: {fileID: 0}
    - target: {fileID: 4401196453960834, guid: 21dd4ab5013c6c64b8c2c1266cd92a5d, type: 2}
      propertyPath: m_LocalRotation.x
      value: 0
      objectReference: {fileID: 0}
    - target: {fileID: 4401196453960834, guid: 21dd4ab5013c6c64b8c2c1266cd92a5d, type: 2}
      propertyPath: m_LocalRotation.y
      value: 0
      objectReference: {fileID: 0}
    - target: {fileID: 4401196453960834, guid: 21dd4ab5013c6c64b8c2c1266cd92a5d, type: 2}
      propertyPath: m_LocalRotation.z
      value: 0
      objectReference: {fileID: 0}
    - target: {fileID: 4401196453960834, guid: 21dd4ab5013c6c64b8c2c1266cd92a5d, type: 2}
      propertyPath: m_LocalRotation.w
      value: 1
      objectReference: {fileID: 0}
    - target: {fileID: 4401196453960834, guid: 21dd4ab5013c6c64b8c2c1266cd92a5d, type: 2}
      propertyPath: m_RootOrder
      value: 4
      objectReference: {fileID: 0}
    - target: {fileID: 1469850770493964, guid: 21dd4ab5013c6c64b8c2c1266cd92a5d, type: 2}
      propertyPath: m_IsActive
      value: 1
      objectReference: {fileID: 0}
    - target: {fileID: 114327087056599748, guid: 21dd4ab5013c6c64b8c2c1266cd92a5d,
        type: 2}
      propertyPath: moveAcceleration.x
      value: -1
      objectReference: {fileID: 0}
    - target: {fileID: 114327087056599748, guid: 21dd4ab5013c6c64b8c2c1266cd92a5d,
        type: 2}
      propertyPath: moveAcceleration.y
      value: 0
      objectReference: {fileID: 0}
    - target: {fileID: 114327087056599748, guid: 21dd4ab5013c6c64b8c2c1266cd92a5d,
        type: 2}
      propertyPath: maxSpeed.x
      value: 2
      objectReference: {fileID: 0}
    - target: {fileID: 114327087056599748, guid: 21dd4ab5013c6c64b8c2c1266cd92a5d,
        type: 2}
      propertyPath: maxSpeed.y
      value: 0
      objectReference: {fileID: 0}
    - target: {fileID: 1469850770493964, guid: 21dd4ab5013c6c64b8c2c1266cd92a5d, type: 2}
      propertyPath: m_Name
      value: shark (1)
      objectReference: {fileID: 0}
    m_RemovedComponents: []
  m_SourcePrefab: {fileID: 100100000, guid: 21dd4ab5013c6c64b8c2c1266cd92a5d, type: 2}
  m_IsPrefabAsset: 0
--- !u!1 &1978809705
GameObject:
  m_ObjectHideFlags: 0
  m_CorrespondingSourceObject: {fileID: 1486960971499632, guid: 6bcb3124eb4cfb548a5def989c9e55f5,
    type: 2}
  m_PrefabInternal: {fileID: 0}
  serializedVersion: 6
  m_Component:
  - component: {fileID: 1978809706}
  - component: {fileID: 1978809711}
  - component: {fileID: 1978809710}
  - component: {fileID: 1978809709}
  - component: {fileID: 1978809708}
  - component: {fileID: 1978809707}
  m_Layer: 0
  m_Name: Player 2
  m_TagString: Player
  m_Icon: {fileID: 0}
  m_NavMeshLayer: 0
  m_StaticEditorFlags: 0
  m_IsActive: 1
--- !u!4 &1978809706
Transform:
  m_ObjectHideFlags: 0
  m_CorrespondingSourceObject: {fileID: 4429804926530476, guid: 6bcb3124eb4cfb548a5def989c9e55f5,
    type: 2}
  m_PrefabInternal: {fileID: 0}
  m_GameObject: {fileID: 1978809705}
  m_LocalRotation: {x: -0, y: -0, z: -0, w: 1}
  m_LocalPosition: {x: -1.47, y: 0.78, z: 0}
  m_LocalScale: {x: 1, y: 1, z: 1}
  m_Children: []
  m_Father: {fileID: 965147290}
  m_RootOrder: 1
  m_LocalEulerAnglesHint: {x: 0, y: 0, z: 0}
--- !u!114 &1978809707
MonoBehaviour:
  m_ObjectHideFlags: 0
  m_CorrespondingSourceObject: {fileID: 114929164246973216, guid: 6bcb3124eb4cfb548a5def989c9e55f5,
    type: 2}
  m_PrefabInternal: {fileID: 0}
  m_GameObject: {fileID: 1978809705}
  m_Enabled: 1
  m_EditorHideFlags: 0
  m_Script: {fileID: 11500000, guid: eb4f4f03dcd97f94c9244d9b540b4eb2, type: 3}
  m_Name: 
  m_EditorClassIdentifier: 
  maxJumpHeight: 4.3
  minJumpHeight: 0.5
  timeToJumpApex: 0.45
  velocity: {x: 0, y: 0, z: 0}
  canMove: 1
  playerID: 2
  upKey: 0
  horizontalAxis: 
  verticalAxis: 
  handleObject: 0
--- !u!114 &1978809708
MonoBehaviour:
  m_ObjectHideFlags: 0
  m_CorrespondingSourceObject: {fileID: 114425763993786550, guid: 6bcb3124eb4cfb548a5def989c9e55f5,
    type: 2}
  m_PrefabInternal: {fileID: 0}
  m_GameObject: {fileID: 1978809705}
  m_Enabled: 1
  m_EditorHideFlags: 0
  m_Script: {fileID: 11500000, guid: d8eb2cf8929a3d444a461dbb0938e99f, type: 3}
  m_Name: 
  m_EditorClassIdentifier: 
  collisionMask:
    serializedVersion: 2
    m_Bits: 256
  horizontalRayCount: 0
  verticalRayCount: 0
  horizontalRaySpacing: 0
  verticalRaySpacing: 0
  collider: {fileID: 0}
  maxSlopeAngle: 60
  playerInput: {x: 0, y: 0}
--- !u!61 &1978809709
BoxCollider2D:
  m_ObjectHideFlags: 0
  m_CorrespondingSourceObject: {fileID: 61112356632764244, guid: 6bcb3124eb4cfb548a5def989c9e55f5,
    type: 2}
  m_PrefabInternal: {fileID: 0}
  m_GameObject: {fileID: 1978809705}
  m_Enabled: 1
  m_Density: 1
  m_Material: {fileID: 0}
  m_IsTrigger: 1
  m_UsedByEffector: 0
  m_UsedByComposite: 0
  m_Offset: {x: 0, y: 0}
  m_SpriteTilingProperty:
    border: {x: 0, y: 0, z: 0, w: 0}
    pivot: {x: 0, y: 0}
    oldSize: {x: 0, y: 0}
    newSize: {x: 0, y: 0}
    adaptiveTilingThreshold: 0
    drawMode: 0
    adaptiveTiling: 0
  m_AutoTiling: 0
  serializedVersion: 2
  m_Size: {x: 1, y: 1}
  m_EdgeRadius: 0
--- !u!23 &1978809710
MeshRenderer:
  m_ObjectHideFlags: 0
  m_CorrespondingSourceObject: {fileID: 23255415674627692, guid: 6bcb3124eb4cfb548a5def989c9e55f5,
    type: 2}
  m_PrefabInternal: {fileID: 0}
  m_GameObject: {fileID: 1978809705}
  m_Enabled: 1
  m_CastShadows: 1
  m_ReceiveShadows: 1
  m_DynamicOccludee: 1
  m_MotionVectors: 1
  m_LightProbeUsage: 1
  m_ReflectionProbeUsage: 1
  m_RenderingLayerMask: 4294967295
  m_Materials:
  - {fileID: 2100000, guid: 1b902df7807e4524883307af504e66b9, type: 2}
  m_StaticBatchInfo:
    firstSubMesh: 0
    subMeshCount: 0
  m_StaticBatchRoot: {fileID: 0}
  m_ProbeAnchor: {fileID: 0}
  m_LightProbeVolumeOverride: {fileID: 0}
  m_ScaleInLightmap: 1
  m_PreserveUVs: 0
  m_IgnoreNormalsForChartDetection: 0
  m_ImportantGI: 0
  m_StitchLightmapSeams: 0
  m_SelectedEditorRenderState: 3
  m_MinimumChartSize: 4
  m_AutoUVMaxDistance: 0.5
  m_AutoUVMaxAngle: 89
  m_LightmapParameters: {fileID: 0}
  m_SortingLayerID: 0
  m_SortingLayer: 0
  m_SortingOrder: 0
--- !u!33 &1978809711
MeshFilter:
  m_ObjectHideFlags: 0
  m_CorrespondingSourceObject: {fileID: 33072928609190612, guid: 6bcb3124eb4cfb548a5def989c9e55f5,
    type: 2}
  m_PrefabInternal: {fileID: 0}
  m_GameObject: {fileID: 1978809705}
  m_Mesh: {fileID: 10210, guid: 0000000000000000e000000000000000, type: 0}
--- !u!1001 &2109849995
Prefab:
  m_ObjectHideFlags: 0
  serializedVersion: 2
  m_Modification:
    m_TransformParent: {fileID: 0}
    m_Modifications:
    - target: {fileID: 4623741588869834, guid: 653d0d2ec5211c1469bf28fa6c4345d3, type: 2}
      propertyPath: m_LocalPosition.x
      value: 4.73
      objectReference: {fileID: 0}
    - target: {fileID: 4623741588869834, guid: 653d0d2ec5211c1469bf28fa6c4345d3, type: 2}
      propertyPath: m_LocalPosition.y
      value: -20.42
      objectReference: {fileID: 0}
    - target: {fileID: 4623741588869834, guid: 653d0d2ec5211c1469bf28fa6c4345d3, type: 2}
      propertyPath: m_LocalPosition.z
      value: 0
      objectReference: {fileID: 0}
    - target: {fileID: 4623741588869834, guid: 653d0d2ec5211c1469bf28fa6c4345d3, type: 2}
      propertyPath: m_LocalRotation.x
      value: 0
      objectReference: {fileID: 0}
    - target: {fileID: 4623741588869834, guid: 653d0d2ec5211c1469bf28fa6c4345d3, type: 2}
      propertyPath: m_LocalRotation.y
      value: 0
      objectReference: {fileID: 0}
    - target: {fileID: 4623741588869834, guid: 653d0d2ec5211c1469bf28fa6c4345d3, type: 2}
      propertyPath: m_LocalRotation.z
      value: 0
      objectReference: {fileID: 0}
    - target: {fileID: 4623741588869834, guid: 653d0d2ec5211c1469bf28fa6c4345d3, type: 2}
      propertyPath: m_LocalRotation.w
      value: 1
      objectReference: {fileID: 0}
    - target: {fileID: 4623741588869834, guid: 653d0d2ec5211c1469bf28fa6c4345d3, type: 2}
      propertyPath: m_RootOrder
      value: 2
      objectReference: {fileID: 0}
    - target: {fileID: 114631796703072282, guid: 653d0d2ec5211c1469bf28fa6c4345d3,
        type: 2}
      propertyPath: moveAcceleration.x
      value: -1
      objectReference: {fileID: 0}
    - target: {fileID: 114631796703072282, guid: 653d0d2ec5211c1469bf28fa6c4345d3,
        type: 2}
      propertyPath: moveAcceleration.y
      value: 0
      objectReference: {fileID: 0}
    m_RemovedComponents: []
  m_SourcePrefab: {fileID: 100100000, guid: 653d0d2ec5211c1469bf28fa6c4345d3, type: 2}
  m_IsPrefabAsset: 0
--- !u!1 &2129729368
GameObject:
  m_ObjectHideFlags: 0
  m_CorrespondingSourceObject: {fileID: 1171230682133766, guid: 6bcb3124eb4cfb548a5def989c9e55f5,
    type: 2}
  m_PrefabInternal: {fileID: 0}
  serializedVersion: 6
  m_Component:
  - component: {fileID: 2129729369}
  - component: {fileID: 2129729374}
  - component: {fileID: 2129729373}
  - component: {fileID: 2129729372}
  - component: {fileID: 2129729371}
  - component: {fileID: 2129729370}
  m_Layer: 0
  m_Name: Player
  m_TagString: Player
  m_Icon: {fileID: 0}
  m_NavMeshLayer: 0
  m_StaticEditorFlags: 0
  m_IsActive: 1
--- !u!4 &2129729369
Transform:
  m_ObjectHideFlags: 0
  m_CorrespondingSourceObject: {fileID: 4597505245188326, guid: 6bcb3124eb4cfb548a5def989c9e55f5,
    type: 2}
  m_PrefabInternal: {fileID: 0}
  m_GameObject: {fileID: 2129729368}
  m_LocalRotation: {x: -0, y: -0, z: -0, w: 1}
  m_LocalPosition: {x: -1.47, y: 0.78, z: 0}
  m_LocalScale: {x: 1, y: 1, z: 1}
  m_Children: []
  m_Father: {fileID: 965147290}
  m_RootOrder: 0
  m_LocalEulerAnglesHint: {x: 0, y: 0, z: 0}
--- !u!114 &2129729370
MonoBehaviour:
  m_ObjectHideFlags: 0
  m_CorrespondingSourceObject: {fileID: 114745198782166604, guid: 6bcb3124eb4cfb548a5def989c9e55f5,
    type: 2}
  m_PrefabInternal: {fileID: 0}
  m_GameObject: {fileID: 2129729368}
  m_Enabled: 1
  m_EditorHideFlags: 0
  m_Script: {fileID: 11500000, guid: eb4f4f03dcd97f94c9244d9b540b4eb2, type: 3}
  m_Name: 
  m_EditorClassIdentifier: 
  maxJumpHeight: 4.3
  minJumpHeight: 0.5
  timeToJumpApex: 0.45
  velocity: {x: 0, y: 0, z: 0}
  canMove: 1
  playerID: 1
  upKey: 0
  horizontalAxis: 
  verticalAxis: 
  handleObject: 0
--- !u!114 &2129729371
MonoBehaviour:
  m_ObjectHideFlags: 0
  m_CorrespondingSourceObject: {fileID: 114349798357303590, guid: 6bcb3124eb4cfb548a5def989c9e55f5,
    type: 2}
  m_PrefabInternal: {fileID: 0}
  m_GameObject: {fileID: 2129729368}
  m_Enabled: 1
  m_EditorHideFlags: 0
  m_Script: {fileID: 11500000, guid: d8eb2cf8929a3d444a461dbb0938e99f, type: 3}
  m_Name: 
  m_EditorClassIdentifier: 
  collisionMask:
    serializedVersion: 2
    m_Bits: 256
  horizontalRayCount: 0
  verticalRayCount: 0
  horizontalRaySpacing: 0
  verticalRaySpacing: 0
  collider: {fileID: 0}
  maxSlopeAngle: 60
  playerInput: {x: 0, y: 0}
--- !u!61 &2129729372
BoxCollider2D:
  m_ObjectHideFlags: 0
  m_CorrespondingSourceObject: {fileID: 61674836770430872, guid: 6bcb3124eb4cfb548a5def989c9e55f5,
    type: 2}
  m_PrefabInternal: {fileID: 0}
  m_GameObject: {fileID: 2129729368}
  m_Enabled: 1
  m_Density: 1
  m_Material: {fileID: 0}
  m_IsTrigger: 1
  m_UsedByEffector: 0
  m_UsedByComposite: 0
  m_Offset: {x: 0, y: 0}
  m_SpriteTilingProperty:
    border: {x: 0, y: 0, z: 0, w: 0}
    pivot: {x: 0, y: 0}
    oldSize: {x: 0, y: 0}
    newSize: {x: 0, y: 0}
    adaptiveTilingThreshold: 0
    drawMode: 0
    adaptiveTiling: 0
  m_AutoTiling: 0
  serializedVersion: 2
  m_Size: {x: 1, y: 1}
  m_EdgeRadius: 0
--- !u!23 &2129729373
MeshRenderer:
  m_ObjectHideFlags: 0
  m_CorrespondingSourceObject: {fileID: 23286585073887056, guid: 6bcb3124eb4cfb548a5def989c9e55f5,
    type: 2}
  m_PrefabInternal: {fileID: 0}
  m_GameObject: {fileID: 2129729368}
  m_Enabled: 1
  m_CastShadows: 1
  m_ReceiveShadows: 1
  m_DynamicOccludee: 1
  m_MotionVectors: 1
  m_LightProbeUsage: 1
  m_ReflectionProbeUsage: 1
  m_RenderingLayerMask: 4294967295
  m_Materials:
  - {fileID: 2100000, guid: 1b902df7807e4524883307af504e66b9, type: 2}
  m_StaticBatchInfo:
    firstSubMesh: 0
    subMeshCount: 0
  m_StaticBatchRoot: {fileID: 0}
  m_ProbeAnchor: {fileID: 0}
  m_LightProbeVolumeOverride: {fileID: 0}
  m_ScaleInLightmap: 1
  m_PreserveUVs: 0
  m_IgnoreNormalsForChartDetection: 0
  m_ImportantGI: 0
  m_StitchLightmapSeams: 0
  m_SelectedEditorRenderState: 3
  m_MinimumChartSize: 4
  m_AutoUVMaxDistance: 0.5
  m_AutoUVMaxAngle: 89
  m_LightmapParameters: {fileID: 0}
  m_SortingLayerID: 0
  m_SortingLayer: 0
  m_SortingOrder: 0
--- !u!33 &2129729374
MeshFilter:
  m_ObjectHideFlags: 0
  m_CorrespondingSourceObject: {fileID: 33539108599516400, guid: 6bcb3124eb4cfb548a5def989c9e55f5,
    type: 2}
  m_PrefabInternal: {fileID: 0}
  m_GameObject: {fileID: 2129729368}
  m_Mesh: {fileID: 10210, guid: 0000000000000000e000000000000000, type: 0}
